@inproceedings{HaretLPW20,
	author    = {Adrian Haret and Martin Lackner and Andreas Pfandler and Johannes P. Wallner},
	title     = {{Proportional Belief Merging}},
	booktitle = {Proceedings of the 34th AAAI Conference on Artificial Intelligence ({AAAI} 2020)},
	year      = {2020}
}

@misc{Brody20,
	author       = {Richard Brody},
	title        = {{The Fossilized 2020 Oscar Nominations}},
	howpublished = {Online at \url{https://www.newyorker.com/culture/the-front-row/the-fossilized-2020-oscar-nominations}},
	year         = {2020}
}

@article{Jackson20,
	author  = {Elizabeth G. Jackson},
	title   = {The relationship between belief and credence},
	journal = {Philosophy Compass},
	volume  = {},
	number  = {},
	pages   = {},
	year    = {2020}
}

@article{ZheleznyakovKNC20,
	author        = {Dmitriy Zheleznyakov and Evgeny Kharlamov and Werner Nutt and Diego Calvanese},
	title         = {{On Expansion and Contraction of DL-Lite Knowledge Bases}},
	journal       = {CoRR},
	volume        = {abs/2001.09365},
	year          = {2020},
	url           = {https://arxiv.org/abs/2001.09365},
	archiveprefix = {arXiv},
	eprint        = {2001.09365}
}

@inproceedings{HaretW19b,
	author    = {Adrian Haret and Johannes P. Wallner},
	title     = {{Manipulating Skeptical and Credulous Consequences When Merging Beliefs}},
	booktitle = {Proceedings of the 16th European Conference on Logics in Artificial Intelligence ({JELIA} 2019)},
	pages     = {133--150},
	year      = {2019}
}

@inproceedings{HaretW19a,
	author    = {Adrian Haret and Stefan Woltran},
	title     = {{Belief Revision Operators with Varying Attitudes Towards Initial Beliefs}},
	booktitle = {Proceedings of the Twenty-Eighth International Joint Conference on Artificial Intelligence ({IJCAI} 2019)},
	pages     = {1726--1733},
	year      = {2019}
}

@article{BaltagGS19,
	author  = {Alexandru Baltag and Nina Gierasimczuk and Sonja Smets},
	title   = {{Truth-Tracking by Belief Revision}},
	journal = {Studia Logica},
	volume  = {107},
	number  = {5},
	pages   = {917--947},
	year    = {2019}
}

@inproceedings{RossiM19,
	author    = {Francesca Rossi and Nicholas Mattei},
	title     = {{Building Ethically Bounded AI}},
	booktitle = {Proceedings of the 33rd AAAI Conference on Artificial Intelligence ({AAAI} 2019)},
	pages     = {9785--9789},
	year      = {2019}
}

@article{ZhuangWWD19,
	author  = {Zhiqiang Zhuang and Zhe Wang and Kewen Wang and James P. Delgrande},
	title   = {{A Generalisation of AGM Contraction and Revision to Fragments of First-Order Logic}},
	journal = {Journal of Artificial Intelligence Research (JAIR)},
	volume  = {64},
	pages   = {147--179},
	year    = {2019}
}

@misc{3blue1brown19,
	title        = {Bayes' theorem, and making probability intuitive},
	month        = {December},
	day          = {22},
	year         = {2019},
	organization = {Youtube},
	author       = {3blue1brown},
	howpublished = {\url{https://www.youtube.com/watch?v=HZGCoVF3YvM}}
}

@incollection{Schwitzgebel19,
	author       = {Eric Schwitzgebel},
	title        = {Belief},
	booktitle    = {The Stanford Encyclopedia of Philosophy},
	editor       = {Edward N. Zalta},
	howpublished = {\url{https://plato.stanford.edu/archives/fall2019/entries/belief/}},
	year         = {2019},
	edition      = {Fall 2019},
	publisher    = {Metaphysics Research Lab, Stanford University}
}

@incollection{Joyce19,
	author       = {James Joyce},
	title        = {{Bayesâ€™ Theorem}},
	booktitle    = {The Stanford Encyclopedia of Philosophy},
	editor       = {Edward N. Zalta},
	howpublished = {\url{https://plato.stanford.edu/archives/spr2019/entries/bayes-theorem/}},
	year         = {2019},
	edition      = {Spring 2019},
	publisher    = {Metaphysics Research Lab, Stanford University}
}

@article{DillerHLRW18,
	author  = {Martin Diller and Adrian Haret and Thomas Linsbichler and Stefan R{\"{u}}mmele and Stefan Woltran},
	title   = {An extension-based approach to belief revision in abstract argumentation},
	journal = {International Journal of Approximate Reasoning},
	volume  = {93},
	pages   = {395--423},
	year    = {2018}
}

@inproceedings{HaretW2018b,
	author    = {Adrian Haret and Stefan Woltran},
	title     = {{Belief Revision Operators with Varying Attitudes Towards Initial Beliefs}},
	booktitle = {Proceedings of the 17th International Workshop on Non-Monotonic Reasoning ({NMR} 2018)},
	pages     = {156--165},
	year      = {2018}
}

@inproceedings{CreignouHPW18,
	author    = {Nadia Creignou and Adrian Haret and Odile Papini and Stefan Woltran},
	title     = {{Belief Update in the Horn Fragment}},
	booktitle = {Proceedings of the Twenty-Seventh International Joint Conference on Artificial Intelligence ({IJCAI} 2018)},
	pages     = {1781--1787},
	year      = {2018}
}

@inproceedings{HaretWW18,
	author    = {Adrian Haret and Johannes P. Wallner and Stefan Woltran},
	title     = {{Two Sides of the Same Coin: Belief Revision and Enforcing Arguments}},
	booktitle = {Proceedings of the Twenty-Seventh International Joint Conference on Artificial Intelligence ({IJCAI} 2018)},
	pages     = {1854--1860},
	year      = {2018}
}

@article{DelgrandePW18,
	author  = {James P. Delgrande and	Pavlos Peppas and Stefan Woltran},
	title   = {{General Belief Revision}},
	journal = {Journal of the ACM (JACM)},
	volume  = {65},
	number  = {5},
	pages   = {29:1--29:34},
	year    = {2018}
}

@book{FermeH18,
	author    = {Eduardo L. Ferm{\'{e}} and	Sven O. Hansson},
	title     = {{Belief Change: Introduction and Overview}},
	series    = {Springer Briefs in Intelligent Systems},
	publisher = {Springer},
	year      = {2018}
}

@article{CreignouKP18,
	author  = {Nadia Creignou and Ra{\"{\i}}da Ktari and Odile Papini},
	title   = {{Belief Update within Propositional Fragments}},
	journal = {Journal of Artificial Intelligence Research (JAIR)},
	volume  = {61},
	pages   = {807--834},
	year    = {2018}
}

@incollection{HanssonGY18,
	author       = {Sven O. Hansson and Till Gr{\"u}ne-Yanoff},
	title        = {{Preferences}},
	booktitle    = {The Stanford Encyclopedia of Philosophy},
	editor       = {Edward N. Zalta},
	howpublished = {\url{https://plato.stanford.edu/archives/sum2018/entries/preferences/}},
	year         = {2018},
	edition      = {Summer 2018},
	publisher    = {Metaphysics Research Lab, Stanford University}
}

@inproceedings{HaretNG18,
	author    = {Adrian Haret and Arianna Novaro and Umberto Grandi},
	title     = {{Preference Aggregation with Incomplete CP-Nets}},
	booktitle = {Proceedings
               of the Sixteenth International Conference on Principles of Knowledge Representation and Reasoning ({KR} 2018)},
	pages     = {308--318},
	year      = {2018}
}

@inproceedings{HaretKMO18,
	author    = {Adrian Haret and Hossein Khani and Stefano Moretti and Meltem {\"{O}}zt{\"{u}}rk},
	title     = {Ceteris paribus majority for social ranking},
	booktitle = {Proceedings of the Twenty-Seventh International Joint Conference on Artificial Intelligence ({IJCAI} 2018)},
	pages     = {303--309},
	year      = {2018}
}

@inproceedings{SchwindKM18,
	author    = {Nicolas Schwind and S{\'{e}}bastien Konieczny and Pierre Marquis},
	title     = {{On Belief Promotion}},
	booktitle = {Proceedings of the Sixteenth International Conference on Principles of Knowledge Representation and Reasoning ({KR} 2018)},
	pages     = {297--307},
	year      = {2018}
}

@inproceedings{DiazP18,
	author    = {Am{\'{\i}}lcar Mata D{\'{\i}}az and Ram{\'{o}}n {Pino P\'erez}},
	title     = {Epistemic states, fusion and strategy-proofness},
	booktitle = {Proceedings of the 17th International Workshop on Non-Monotonic Reasoning ({NMR} 2018)},
	pages     = {176--185},
	year      = {2018}
}

@inproceedings{Peters18,
	author    = {Dominik Peters},
	editor    = {Elisabeth Andr{\'{e}} and Sven Koenig and Mehdi Dastani and Gita Sukthankar},
	title     = {{Proportionality and Strategyproofness in Multiwinner Elections}},
	booktitle = {Proceedings of the 17th International Conference on Autonomous Agents and Multiagent Systems ({AAMAS} 2018)},
	pages     = {1549--1557},
	year      = {2018}
}

@article{BinnewiesZWS18,
	author  = {Sebastian Binnewies and Zhiqiang Zhuang and Kewen Wang and  Bela Stantic},
	title   = {{Syntax-Preserving Belief Change Operators for Logic Programs}},
	journal = {{ACM} Transactions of Computational Logic},
	volume  = {19},
	number  = {2},
	pages   = {12:1--12:42},
	year    = {2018}
}

@inproceedings{LacknerS18,
	author    = {Martin Lackner and Piotr Skowron},
	title     = {{Approval-Based Multi-Winner Rules and Strategic Voting}},
	booktitle = {Proceedings of the Twenty-Seventh International Joint Conference on
               Artificial Intelligence ({IJCAI} 2018)},
	pages     = {340--346},
	year      = {2018}
}

@inproceedings{AzizEHLFS18,
	author    = {Haris Aziz and
               Edith Elkind and
               Shenwei Huang and
               Martin Lackner and
               Luis S{\'{a}}nchez Fern{\'{a}}ndez and
               Piotr Skowron},
	title     = {{On the Complexity of Extended and Proportional Justified Representation}},
	booktitle = {Proceedings of the Thirty-Second {AAAI} Conference on Artificial Intelligence ({AAAI}-18)},
	pages     = {902--909},
	year      = {2018}
}

@inproceedings{LacknerS18b,
	author    = {Martin Lackner and
               Piotr Skowron},
	title     = {{Consistent Approval-Based Multi-Winner Rules}},
	booktitle = {Proceedings of the 2018 {ACM} Conference on Economics and Computation ({EC} 2018)},
	pages     = {47--48},
	year      = {2018}
}

@article{HaretRW17,
	author  = {Adrian Haret and Stefan R{\"{u}}mmele and Stefan Woltran},
	title   = {Merging in the {H}orn Fragment},
	journal = {{ACM Transactions of Computational Logic}},
	volume  = {18},
	number  = {1},
	pages   = {6:1--6:32},
	year    = {2017}
}


@book{Sen17,
	title     = {{Collective Choice and Social Welfare: Expanded Edition}},
	author    = {Amartya K. Sen},
	year      = {2017},
	publisher = {Penguin UK}
}

@incollection{Hansson17,
	author       = {Sven O. Hansson},
	title        = {{Logic of Belief Revision}},
	booktitle    = {The Stanford Encyclopedia of Philosophy},
	editor       = {Edward N. Zalta},
	howpublished = {\url{https://plato.stanford.edu/archives/win2017/entries/logic-belief-revision/}},
	year         = {2017},
	edition      = {Winter 2017},
	publisher    = {Metaphysics Research Lab, Stanford University}
}

@article{DuboisLP17,
	author  = {Didier Dubois and Emiliano Lorini and Henri Prade},
	title   = {{The Strength of Desires: A Logical Approach}},
	journal = {Minds and Machines},
	volume  = {27},
	number  = {1},
	pages   = {199--231},
	year    = {2017}
}

@article{WallnerNJ17,
	author  = {Johannes P. Wallner and Andreas Niskanen and Matti J{\"{a}}rvisalo},
	title   = {{Complexity Results and Algorithms for Extension Enforcement in Abstract Argumentation}},
	journal = {Journal of Artificial Intelligence Research (JAIR)},
	volume  = {60},
	pages   = {1--40},
	year    = {2017}
}

@article{ZhuangPZ17,
	author  = {Zhiqiang Zhuang and Maurice Pagnucco and Yan Zhang},
	title   = {{Inter-Definability of Horn Contraction and Horn Revision}},
	journal = {Journal of Philosophical Logic},
	volume  = {46},
	number  = {3},
	pages   = {299--332},
	year    = {2017}
}

@article{DiazP17,
	author  = {Am{\'{\i}}lcar Mata D{\'{\i}}az and Ram{\'{o}}n {Pino P\'erez}},
	title   = {Impossibility in belief merging},
	journal = {Artificial Intelligence},
	volume  = {251},
	pages   = {1--34},
	year    = {2017}
}

@article{AzizBCEFW17,
	author  = {Haris Aziz and Markus Brill and Vincent Conitzer and Edith Elkind and Rupert Freeman and Toby Walsh},
	title   = {Justified representation in approval-based committee voting},
	journal = {Social Choice and Welfare},
	volume  = {48},
	number  = {2},
	pages   = {461--485},
	year    = {2017}
}

@inproceedings{HaretW17,
	author    = {Adrian Haret and Stefan Woltran},
	title     = {{Deviation in Belief Change on Fragments of Propositional Logic}},
	booktitle = {Proceedings of the 6th Workshop on Dynamics of Knowledge and Belief {(DKB-2017)} and the 5th Workshop {KI} {\&} Kognition {(KIK-2017)}
  				co-located with 40th German Conference on Artificial Intelligence {(KI} 2017)},
	pages     = {64--76},
	year      = {2017}
}

@incollection{EveraereKM17,
	author    = {Patricia Everaere and S{\'{e}}bastien Konieczny and Pierre Marquis},
	title     = {{An Introduction to Belief Mergingand its Links with JudgmentAggregation}},
	booktitle = {Trends in Computational Social Choice},
	editor    = {Ulle Endriss},
	year      = {2017},
	publisher = {AI Access}
}

@incollection{Baumeister17,
	title     = {Strategic Behavior in Judgment Aggregation},
	author    = {Dorothea Baumeister and J{\"o}rg Rothe and Ann-Kathrin Selker},
	booktitle = {Trends in Computational Social Choice},
	publisher = {AI Access},
	editor    = {Ulle Endriss},
	pages     = {145--168},
	year      = {2017}
}

@article{Faliszewski17OA,
	author        = {Piotr Faliszewski and
               Arkadii Slinko and
               Nimrod Talmon},
	title         = {{The Complexity of Multiwinner Voting Rules with Variable Number of
               Winners}},
	journal       = {CoRR},
	volume        = {abs/1711.06641},
	year          = {2017},
	xxxurl        = {http://arxiv.org/abs/1711.06641},
	archiveprefix = {arXiv},
	eprint        = {1711.06641},
	timestamp     = {Mon, 13 Aug 2018 16:47:46 +0200},
	biburl        = {https://dblp.org/rec/bib/journals/corr/abs-1711-06641},
	bibsource     = {dblp computer science bibliography, https://dblp.org}
}

@inproceedings{FernandezELGABS17,
	author    = {Luis S{\'{a}}nchez Fern{\'{a}}ndez and
               Edith Elkind and
               Martin Lackner and
               Norberto Fern{\'{a}}ndez Garc{\'{\i}}a and
               Jes{\'{u}}s Arias{-}Fisteus and
               Pablo Basanta{-}Val and
               Piotr Skowron},
	title     = {{Proportional Justified Representation}},
	booktitle = {Proceedings of the Thirty-First {AAAI} Conference on Artificial Intelligence ({AAAI} 2017)},
	pages     = {670--676},
	year      = {2017}
}

@inproceedings{HaretPW16,
	author    = {Adrian Haret and Andreas Pfandler and Stefan Woltran},
	title     = {{Beyond IC Postulates: Classification Criteria for Merging Operators}},
	booktitle = {Proceedings of the 22nd European Conference on Artificial Intelligence ({ECAI} 2016)},
	pages     = {372--380},
	year      = {2016}
}

@incollection{Endriss16,
	author    = {Ulle Endriss},
	title     = {{Judgment Aggregation}},
	booktitle = {Handbook of Computational Social Choice},
	editor    = {Felix Brandt and Vincent Conitzer and Ulle Endriss and J{\'{e}}r{\^{o}}me Lang and Ariel D. Procaccia},
	publisher = {Cambridge University Press},
	pages     = {399--426},
	year      = {2016}
}

@inproceedings{PeppasW16,
	author    = {Pavlos Peppas and Mary{-}Anne Williams},
	title     = {{Kinetic Consistency and Relevance in Belief Revision}},
	booktitle = {Proceedings of the 15th European Conference on Logics in Artificial Intelligence ({JELIA} 2016)},
	pages     = {401--414},
	year      = {2016}
}

@article{PigozziTV16,
	author  = {Gabriella Pigozzi and Alexis Tsouki{\`{a}}s and Paolo Viappiani},
	title   = {{Preferences in artificial intelligence}},
	journal = {Annals of Mathematics and Artificial Intelligence},
	volume  = {77},
	number  = {3-4},
	pages   = {361--401},
	year    = {2016}
}

@book{DezaD16,
	title     = {{Encyclopedia of Distances}},
	author    = {Michel Marie Deza and Elena Deza},
	year      = {2016},
	publisher = {Springer},
	edition   = {4}
}

@article{CreignouPRW16,
	author  = {Nadia Creignou and Odile Papini and Stefan R{\"{u}}mmele and Stefan Woltran},
	title   = {{Belief Merging within Fragments of Propositional Logic}},
	journal = {{ACM Transactions of Computational Logic}},
	volume  = {17},
	number  = {3},
	pages   = {20:1--20:28},
	year    = {2016}
}

@incollection{Zwicker16,
	author    = {William S. Zwicker},
	title     = {{Introduction to the Theory of Voting}},
	booktitle = {Handbook of Computational Social Choice},
	editor    = {Felix Brandt and Vincent Conitzer and Ulle Endriss and J{\'{e}}r{\^{o}}me Lang and Ariel D. Procaccia},
	publisher = {Cambridge University Press},
	pages     = {23--56},
	year      = {2016}
}

@incollection{BaumeisterR16,
	author    = {Dorothea Baumeister and J{\"{o}}rg Rothe},
	title     = {{Preference Aggregation by Voting}},
	booktitle = {Economics and Computation: An Introduction to Algorithmic Game Theory, Computational Social Choice, and Fair Division},
	editor    = {J{\"{o}}rg Rothe},
	publisher = {Springer},
	pages     = {197--325},
	year      = {2016}
}

@incollection{ConitzerW2016,
	author    = {Vincent Conitzer and Toby Walsh},
	title     = {{Barriers to Manipulation in Voting}},
	booktitle = {Handbook of Computational Social Choice},
	editor    = {Felix Brandt and Vincent Conitzer and Ulle Endriss and J{\'{e}}r{\^{o}}me Lang and Ariel D. Procaccia},
	publisher = {Cambridge University Press},
	pages     = {127--145},
	year      = {2016}
}

@inproceedings{DelobelleHKMRW16,
	author    = {J{\'{e}}r{\^{o}}me Delobelle and Adrian Haret and S{\'{e}}bastien Konieczny and Jean{-}Guy Mailly and Julien Rossit 
				and Stefan Woltran},
	title     = {{Merging of Abstract Argumentation Frameworks}},
	booktitle = {Proceedings of the Fifteenth International Conference on Principles of Knowledge Representation and Reasoning ({KR} 2016)},
	pages     = {33--42},
	year      = {2016}
}

@incollection{LangX16,
	author    = {J{\'{e}}r{\^{o}}me Lang and Lirong Xia},
	editor    = {Felix Brandt and Vincent Conitzer and Ulle Endriss and	J{\'{e}}r{\^{o}}me Lang and Ariel D. Procaccia},
	title     = {{Voting in Combinatorial Domains}},
	booktitle = {Handbook of Computational Social Choice},
	pages     = {197--222},
	publisher = {Cambridge University Press},
	year      = {2016}
}

@inproceedings{HaretMW16,
	author    = {Adrian Haret and Jean{-}Guy Mailly and Stefan Woltran},
	title     = {{Distributing Knowledge into Simple Bases}},
	booktitle = {Proceedings of the Twenty-Fifth International Joint Conference on Artificial Intelligence ({IJCAI} 2016)},
	pages     = {1109--1115},
	year      = {2016}
}

@article{Kilgour16,
	author  = {Kilgour, Marc D},
	year    = {2016},
	month   = {02},
	title   = {Approval elections with a variable number of winners},
	volume  = {81},
	pages   = {199--211},
	number  = {2},
	journal = {Theory and Decision}
}

@book{Suzumura16,
	title     = {Choice, Preferences, and Procedures: A Rational Choice Theoretic Approach},
	author    = {Kotaro Suzumura},
	year      = {2016},
	publisher = {Harvard University Press}
}

@article{ZhuangWWQ16,
	author  = {Zhiqiang Zhuang and
               Zhe Wang and
               Kewen Wang and
               Guilin Qi},
	title   = {{DL-Lite Contraction and Revision}},
	journal = {Journal of Artificial Intelligence Research (JAIR)},
	volume  = {56},
	pages   = {329--378},
	year    = {2016}
}

@article{DelgrandeP15,
	author  = {James P. Delgrande and	Pavlos Peppas},
	title   = {{Belief revision in Horn theories}},
	journal = {Artificial Intelligence},
	volume  = {218},
	pages   = {1--22},
	year    = {2015}
}

@article{CadilhacALB15,
	author  = {Ana{\"{\i}}s Cadilhac and Nicholas Asher and Alex Lascarides and Farah Benamara},
	title   = {Preference Change},
	journal = {Journal of Logic, Language and Information},
	volume  = {24},
	number  = {3},
	pages   = {267--288},
	year    = {2015}
}

@inproceedings{MaLD15,
	author    = {Jianbing Ma and Weiru Liu and Didier Dubois},
	title     = {{Rational Partial Choice Functions and Their Application to Belief Revision}},
	booktitle = {Proceedings of the 8th International Knowledge Science, Engineering and Management Conference, {KSEM} 2015},
	pages     = {128--140},
	year      = {2015}
}


@inproceedings{HaretRW15,
	author    = {Adrian Haret and Stefan R{\"{u}}mmele and Stefan Woltran},
	title     = {Merging in the Horn Fragment},
	booktitle = {Proceedings of the Twenty-Fourth International Joint Conference on Artificial Intelligence ({IJCAI} 2015)},
	pages     = {3041--3047},
	year      = {2015}
}

@inproceedings{DillerHLRW15,
	author    = {Martin Diller and Adrian Haret and Thomas Linsbichler and Stefan R{\"{u}}mmele and Stefan Woltran},
	title     = {{An Extension-Based Approach to Belief Revision in Abstract Argumentation}},
	booktitle = {Proceedings of the Twenty-Fourth International Joint Conference on Artificial Intelligence ({IJCAI} 2015)},
	pages     = {2926--2932},
	year      = {2015}
}

@article{BaumeisterEER15,
	author  = {Dorothea Baumeister and
               G{\'{a}}bor Erd{\'{e}}lyi and
               Olivia Johanna Erd{\'{e}}lyi and
               J{\"{o}}rg Rothe},
	title   = {Complexity of manipulation and bribery in judgment aggregation for
               uniform premise-based quota rules},
	journal = {Mathematical Social Sciences},
	volume  = {76},
	pages   = {19--30},
	year    = {2015}
}

@article{MarquisS14,
	author  = {Pierre Marquis and	Nicolas Schwind},
	title   = {{Lost in translation: Language independence in propositional logic{-}application to belief change}},
	journal = {Artificial Intelligence},
	volume  = {206},
	pages   = {1--24},
	year    = {2014}
}

@article{BenthemL14,
	author  = {{Johan van} Benthem and Fenrong Liu},
	title   = {{Deontic Logic and Preference Change}},
	journal = {IfCoLog Journal of Logics and their Applications},
	volume  = {1},
	number  = {2},
	pages   = {1--46},
	year    = {2014}
}

@article{CreignouPPW14,
	author  = {Nadia Creignou and Odile Papini and Reinhard Pichler and Stefan Woltran},
	title   = {{Belief revision within fragments of propositional logic}},
	journal = {Journal of Computer and System Sciences},
	volume  = {80},
	number  = {2},
	pages   = {427--449},
	year    = {2014}
}

@inproceedings{EveraereKM14,
	author    = {Patricia Everaere and S{\'{e}}bastien Konieczny and Pierre Marquis},
	title     = {{On Egalitarian Belief Merging}},
	booktitle = {Proceedings of the Fourteenth International Conference on 
					Principles of Knowledge Representation and Reasoning ({KR} 2014)},
	year      = {2014},
	pages = {121-140}
}

@article{Hansson14,
	author  = {Sven Ove Hansson},
	title   = {{Descriptor Revision}},
	journal = {Studia Logica},
	volume  = {102},
	number  = {5},
	pages   = {955--980},
	year    = {2014}
}

@article{ZhuangP14,
	author  = {Zhiqiang Zhuang and Maurice Pagnucco},
	title   = {{Entrenchment-Based Horn Contraction}},
	journal = {Journal of Artificial Intelligence Research (JAIR)},
	volume  = {51},
	pages   = {227--254},
	year    = {2014}
}

@article{Grune-Yanoff13,
	author  = {Till Gr{\"{u}}ne{-}Yanoff},
	title   = {Preference change and conservatism: comparing the Bayesian and the	{AGM} models of preference revision},
	journal = {Synthese},
	volume  = {190},
	number  = {14},
	pages   = {2623--2641},
	year    = {2013}
}

@inproceedings{ZhuangPZ13,
	author    = {Zhi Qiang Zhuang and Maurice Pagnucco and Yan Zhang},
	title     = {{Definability of Horn Revision from Horn Contraction}},
	booktitle = {Proceedings of the 23rd International Joint Conference on Artificial Intelligence ({IJCAI} 2013)},
	pages     = {1205--1212},
	year      = {2013}
}

@article{DelgrandeW13,
	author  = {James P. Delgrande and Renata Wassermann},
	title   = {{Horn Clause Contraction Functions}},
	journal = {Journal of Artificial Intelligence Research (JAIR)},
	volume  = {48},
	pages   = {475--511},
	year    = {2013}
}

@article{DelgrandeSTW13,
	author  = {James P. Delgrande and
               Torsten Schaub and
               Hans Tompits and
               Stefan Woltran},
	title   = {{A Model-Theoretic Approach to Belief Change in Answer Set Programming}},
	journal = {{ACM} Transactions of Computational Logic},
	volume  = {14},
	number  = {2},
	pages   = {14:1--14:46},
	year    = {2013}
}

@inproceedings{MaBL12,
	author    = {Jianbing Ma and Salem Benferhat and Weiru Liu},
	title     = {{Revising Partial Pre-Orders with Partial Pre-Orders: {A} Unit-Based Revision Framework}},
	booktitle = {Proceedings of the 13th International Conference on Principles of Knowledge Representation and Reasoning ({KR} 2012)},
	year      = {2012},
	pages     = {633--637}
}

@inproceedings{Baumann12,
	author    = {Ringo Baumann},
	title     = {{What Does it Take to Enforce an Argument? Minimal Change in Abstract Argumentation}},
	booktitle = {Proceedings of the 20th European Conference on Artificial Intelligence ({ECAI} 2012)},
	pages     = {127--132},
	year      = {2012}
}

@book{Arrow12,
	author    = {Kenneth J. Arrow},
	title     = {{Social Choice and Individual Values}},
	edition   = {{Third}},
	year      = {2012},
	publisher = {Yale University Press}
}

@article{KoniecznyP11,
	author  = {S{\'{e}}bastien Konieczny and Ram{\'{o}}n {Pino P\'erez}},
	title   = {{Logic Based Merging}},
	journal = {Journal of Philosophical Logic},
	volume  = {40},
	number  = {2},
	pages   = {239--270},
	year    = {2011}
}

@article{DomshlakHKP11,
	author  = {Carmel Domshlak and Eyke H{\"{u}}llermeier and	Souhila Kaci and Henri Prade},
	title   = {{Preferences in AI: An Overview}},
	journal = {Artificial Intelligence},
	volume  = {175},
	number  = {7-8},
	pages   = {1037--1052},
	year    = {2011}
}

@book{RossiVW11,
	author    = {Francesca Rossi and Kristen Brent Venable and Toby Walsh},
	title     = {{A Short Introduction to Preferences: Between Artificial Intelligence and Social Choice}},
	series    = {Synthesis Lectures on Artificial Intelligence and Machine Learning},
	publisher = {Morgan {\&} Claypool Publishers},
	year      = {2011}
}

@book{Liu11,
	title     = {{Reasoning About Preference Dynamics}},
	author    = {Fenrong Liu},
	volume    = {354},
	series    = {Synthese Library},
	year      = {2011},
	publisher = {Springer}
}

@inproceedings{Endriss11,
	author    = {Ulle Endriss},
	title     = {Applications of Logic in Social Choice Theory - (Invited Talk)},
	booktitle = {Proceedings of the 12th Workshop on Computational Logic in Multi-Agent Systems ({CLIMA} 2011)},
	pages     = {88--91},
	year      = {2011}
}

@book{Kahneman11,
	title     = {{Thinking, Fast and Slow}},
	author    = {Daniel Kahneman},
	year      = {2011},
	publisher = {Farrar, Straus and Giroux}
}

@book{Hausman11,
	title     = {{Preference, Value, Choice, and Welfare}},
	author    = {Daniel M. Hausman},
	year      = {2011},
	publisher = {Cambridge University Press}
}

@article{Gardenfors11,
	author    = {Peter G\"ardenfors},
	journal   = {Journal of Philosophical Logic},
	number    = {2},
	pages     = {115--120},
	publisher = {Springer},
	title     = {{Notes on the History of Ideas Behind AGM}},
	volume    = {40},
	year      = {2011}
}

@article{BoothMVW11,
	author  = {Richard Booth and Thomas Andreas Meyer and Ivan Jos{\'{e}} Varzinczak and Renata Wassermann},
	title   = {{On the Link between Partial Meet, Kernel, and Infra Contraction and its Application to Horn Logic}},
	journal = {Journal of Artificial Intelligence Research (JAIR)},
	volume  = {42},
	pages   = {31--53},
	year    = {2011}
}

@book{Goodall10,
	title     = {{Through a Window: My Thirty Years With the Chimpanzees of Gombe}},
	author    = {Jane Goodall},
	year      = {2010},
	publisher = {Mariner Books: Houghton Mifflin Harcourt}
}

@book{BossertS10,
	title     = {Consistency, Choice, and Rationality},
	author    = {Walter Bossert and Kotaro Suzumura},
	year      = {2010},
	publisher = {Harvard University Press}
}

@article{FaliszewskiP10,
	author    = {Piotr Faliszewski and Ariel D. Procaccia},
	title     = {{AI's War on Manipulation: Are We Winning?}},
	journal   = {{AI} Magazine},
	volume    = {31},
	number    = {4},
	pages     = {53--64},
	year      = {2010},
	url       = {http://www.aaai.org/ojs/index.php/aimagazine/article/view/2314},
	timestamp = {Tue, 28 Jun 2011 10:29:40 +0200},
	biburl    = {https://dblp.org/rec/journals/aim/FaliszewskiP10.bib},
	bibsource = {dblp computer science bibliography, https://dblp.org}
}

@incollection{Arlo-CostaP10,
	title     = {{Social Norms, Rational Choice and Belief Change}},
	author    = {Horacio Arl{\'o}-Costa and Arthur Paul Pedersen},
	booktitle = {Belief Revision meets Philosophy of Science},
	editor    = {Erik J. Olsson and Sebastian Enqvist},
	pages     = {163--212},
	year      = {2010},
	publisher = {Springer}
}

@inproceedings{EveraereKM10,
	author    = {Patricia Everaere and S{\'{e}}bastien Konieczny and Pierre Marquis},
	title     = {{The Epistemic View of Belief Merging: Can We Track the Truth?}},
	booktitle = {Proceedings of the 19th European Conference on Artificial Intelligence ({ECAI} 2010)},
	pages     = {621--626},
	year      = {2010}
}

@article{EveraereKM10b,
	author  = {Patricia Everaere and S{\'{e}}bastien Konieczny and Pierre Marquis},
	title   = {{Disjunctive merging: Quota and Gmin merging operators}},
	journal = {Artificial Intelligence},
	volume  = {174},
	number  = {12-13},
	pages   = {824--849},
	year    = {2010}
}

@inproceedings{DelgrandeW10,
	author    = {James P. Delgrande and Renata Wassermann},
	title     = {{Horn Clause Contraction Functions: Belief Set and Belief Base Approaches}},
	booktitle = {Proceedings of the Twelfth International Conference on Principles of Knowledge Representation and Reasoning ({KR} 2010)},
	year      = {2010},
	pages = {143-152}
}

@incollection{Grune-YanoffH09a,
	title     = {{From Belief Revision to Preference Change}},
	author    = {Till Gr{\"u}ne-Yanoff and Sven Ove Hansson},
	booktitle = {Preference Change: Approaches from Philosophy, Economics and Psychology},
	pages     = {159--184},
	year      = {2009},
	publisher = {Springer}
}

@book{Grune-YanoffH09b,
	editor      = {Till Gr\"{u}ne-Yanoff and Sven O. Hansson},
	title       = {{Preference Change: Approaches from Philosophy, Economics and Psychology}},
	optsubtitle = {Approaches from philosophy, economics and psychology},
	year        = {2009},
	publisher   = {Springer},
	series      = {Theory and Decision Library A},
	volume      = {42}
}

@incollection{Anand09,
	editor    = {Paul Anand and Prasanta Pattanaik and Clemens Puppe},
	author    = {Paul Anand},
	title     = {{Rationality and Intransitive Preference: Foundations for the Modern View}},
	publisher = {Oxford University Press},
	booktitle = {Handbook of Rational and Social Choice},
	year      = {2009}
}

@article{Bonanno09,
	author  = {Giacomo Bonanno},
	title   = {{Rational choice and AGM belief revision}},
	journal = {Artificial Intelligence},
	volume  = {173},
	number  = {12-13},
	pages   = {1194--1203},
	year    = {2009}
}

@incollection{GrantvZ09,
	title     = {{Expected Utility Theory}},
	publisher = {Oxford University Press},
	year      = {2009},
	booktitle = {Handbook of Rational and Social Choice},
	editor    = {Paul Anand and Prasanta Pattanaik and Clemens Puppe},
	author    = {Simon Grant and Timothy Van Zandt}
}

@incollection{FaliszewskiSST17,
	title     = {{Multiwinner Voting: A New Challenge for Social Choice Theory}},
	author    = {Piotr Faliszewski and Piotr Skowron and Arkadii Slinko and Nimrod Talmon},
	year      = {2017},
	booktitle = {Trends in Computational Social Choice},
	editor    = {Ulle Endriss},
	pages     = {27--47},
	publisher = {AI Access Foundation}
}

@inproceedings{BoothMV09,
	author    = {Richard Booth and Thomas Andreas Meyer and Ivan Jos{\'{e}} Varzinczak},
	title     = {{Next Steps in Propositional Horn Contraction}},
	booktitle = {Proceedings of the 21st International Joint Conference on Artificial Intelligence ({IJCAI} 2009)},
	pages     = {702--707},
	year      = {2009}
}

@inproceedings{LangT08,
	author    = {J{\'{e}}r{\^{o}}me Lang and Leendert W. N. van der Torre},
	title     = {{Preference Change Triggered by Belief Change: {A} Principled Approach}},
	booktitle = {Proceedings of the 8th International Conference on Logic and the Foundations of Game and Decision Theory ({LOFT} 8)},
	pages     = {86--111},
	year      = {2008}
}

@incollection{Peppas08,
	author    = {Pavlos Peppas},
	title     = {{Belief Revision}},
	booktitle = {Handbook of Knowledge Representation},
	pages     = {317--359},
	year      = {2008},
	editor    = {Frank van Harmelen and Vladimir Lifschitz and Bruce W. Porter},
	publisher = {Elsevier}
}

@inproceedings{KoniecznyP08,
	author    = {S{\'{e}}bastien Konieczny and Ram{\'{o}}n {Pino P\'erez}},
	title     = {{Improvement Operators}},
	booktitle = {Proceedings of the Eleventh International Conference on Principles of Knowledge Representation and Reasoning ({KR} 2008)},
	pages     = {177--187},
	year      = {2008}
}

@article{ChevaleyreELM08,
	author  = {Yann Chevaleyre and Ulle Endriss and J{\'{e}}r{\^{o}}me Lang and Nicolas Maudet},
	title   = {{Preference Handling in Combinatorial Domains: From {AI} to Social Choice}},
	journal = {{AI} Magazine},
	volume  = {29},
	number  = {4},
	pages   = {37--46},
	year    = {2008}
}

@inproceedings{Delgrande08,
	author    = {James P. Delgrande},
	title     = {{Horn Clause Belief Change: Contraction Functions}},
	booktitle = {Proceedings of the Eleventh International Conference on Principles of Knowledge Representation and Reasoning ({KR} 2008)},
	pages     = {156--165},
	year      = {2008}
}

@article{Bradley07,
	author  = {Richard Bradley},
	title   = {The kinematics of belief and desire},
	journal = {Synthese},
	volume  = {156},
	number  = {3},
	pages   = {513--535},
	year    = {2007}
}

@inproceedings{GabbayPR07,
	author    = {Dov M. Gabbay and Gabriella Pigozzi and Odinaldo Rodrigues},
	title     = {Common Foundations for belief revision, belief merging and voting},
	booktitle = {Formal Models of Belief Change in Rational Agents. Dagstuhl Seminar Proceedings},
	year      = {2007}
}

@article{EveraereKM07,
	author  = {Patricia Everaere and S{\'{e}}bastien Konieczny and Pierre Marquis},
	title   = {{The Strategy-Proofness Landscape of Merging}},
	journal = {Journal of Artificial Intelligence Research (JAIR)},
	volume  = {28},
	pages   = {49--105},
	year    = {2007}
}

@article{Brams07,
	title     = {A minimax procedure for electing committees},
	author    = {Steven J. Brams and Marc D. Kilgour and Remzi M. Sanver},
	journal   = {Public Choice},
	publisher = {Springer},
	volume    = {132},
	number    = {3},
	pages     = {401--420},
	month     = {sep},
	year      = {2007}
}

@article{ChopraGM06,
	author  = {Samir Chopra and Aditya K. Ghose and Thomas Andreas Meyer},
	title   = {Social choice theory, belief merging, and strategy-proofness},
	journal = {Information Fusion},
	volume  = {7},
	number  = {1},
	pages   = {61--79},
	year    = {2006}
}

@book{Tideman06,
	title     = {{Collective Decisions and Voting: The Potential for Public Choice}},
	author    = {Nicolaus Tideman},
	year      = {2006},
	publisher = {Ashgate Publishing, Ltd.}
}

@inproceedings{ChomickiS05,
	author    = {Jan Chomicki and Joyce Song},
	title     = {{Monotonic and Nonmonotonic Preference Revision}},
	booktitle = {Proc. {IJCAI} 2005 Multidisciplinary Workshop on Advances in Preference Handling},
	year      = {2005}
}

@inproceedings{BenferhatLP05,
	author    = {Salem Benferhat and Sylvain Lagrue and Odile Papini},
	title     = {{Revision of Partially Ordered Information: Axiomatization, Semantics and Iteration}},
	booktitle = {Proceedings of the Nineteenth International Joint Conference on Artificial Intelligence ({IJCAI} 2005)},
	pages     = {376--381},
	year      = {2005}
}

@inproceedings{EckertP05,
	author    = {Daniel Eckert and Gabriella Pigozzi},
	title     = {Belief merging, judgment aggregation and some links with social choice theory},
	booktitle = {Belief Change in Rational Agents: Perspectives from Artificial Intelligence,
               Philosophy, and Economics. Dagstuhl Seminar Proceedings},
	year      = {2005}
}

@article{KoniecznyP05,
	author  = {S{\'{e}}bastien Konieczny and Ram{\'{o}}n {Pino P\'erez}},
	title   = {Propositional belief base merging or how to merge beliefs/goals coming
               from several sources and some links with social choice theory},
	journal = {European Journal of Operational Research},
	volume  = {160},
	number  = {3},
	pages   = {785--802},
	year    = {2005}
}

@article{KoniecznyM04,
	author  = {S{\'{e}}bastien Konieczny and J{\'{e}}r{\^{o}}me Lang and Pierre Marquis},
	title   = {{DA} \({}^{\mbox{2}}\) merging operators},
	journal = {Artificial Intelligence},
	volume  = {157},
	number  = {1-2},
	pages   = {49--79},
	year    = {2004}
}

@article{BoutilierBDHP04,
	author  = {Craig Boutilier and Ronen I. Brafman and Carmel Domshlak and Holger H. Hoos and David Poole},
	title   = {{CP-nets: A Tool for Representing and Reasoning with Conditional Ceteris Paribus Preference Statements}},
	journal = {Journal of Artificial Intelligence Research (JAIR)},
	volume  = {21},
	pages   = {135--191},
	year    = {2004}
}

@article{Freund04,
	author  = {Michael Freund},
	title   = {{On the revision of preferences and rational inference processes}},
	journal = {Artificial Intelligence},
	volume  = {152},
	number  = {1},
	pages   = {105--137},
	year    = {2004}
}

@article{Maynard-ZhangL03,
	author  = {Pedrito Maynard{-}Zhang and Daniel Lehmann},
	title   = {{Representing and Aggregating Conflicting Beliefs}},
	journal = {Journal of Artificial Intelligence Research (JAIR)},
	volume  = {19},
	pages   = {155--203},
	year    = {2003}
}

@article{Olsson03,
	title     = {{Belief Revision, Rational Choice and the Unity of Reason}},
	author    = {Erik J. Olsson},
	journal   = {Studia Logica},
	volume    = {73},
	number    = {2},
	pages     = {219--240},
	year      = {2003},
	publisher = {Springer}
}

@article{KoniecznyP02,
	author  = {S{\'{e}}bastien Konieczny and Ram{\'{o}}n {Pino P\'erez}},
	title   = {{Merging Information Under Constraints: {A} Logical Framework}},
	journal = {Journal of Logic and Computation},
	volume  = {12},
	number  = {5},
	pages   = {773--808},
	year    = {2002}
}

@article{HanssonFCF01,
	author  = {Sven O. Hansson and Eduardo L. Ferm{\'{e}} and John Cantwell and Marcelo A. Falappa},
	title   = {{Credibility Limited Revision}},
	journal = {The Journal of Symbolic Logic},
	volume  = {66},
	number  = {4},
	pages   = {1581--1596},
	year    = {2001}
}

@book{Rott01,
	author    = {Hans Rott},
	title     = {Change, Choice and Inference: A study of Belief Revision and Nonmonotonic Reasoning},
	series    = {Oxford Logic Guides},
	volume    = {42},
	publisher = {Oxford University Press},
	year      = {2001}
}

@article{HerzigR99,
	author  = {Andreas Herzig and	Omar Rifi},
	title   = {{Propositional Belief Base Update and Minimal Change}},
	journal = {Artificial Intelligence},
	volume  = {115},
	number  = {1},
	pages   = {107--138},
	year    = {1999}
}

@book{Hansson99a,
	author    = {Sven O. Hansson},
	title     = {{A Textbook of Belief Dynamics: Theory Change and Database Updating}},
	series    = {Applied logic series},
	volume    = {11},
	publisher = {Kluwer},
	year      = {1999}
}

@article{Parikh99,
	title   = {{Beliefs, Belief Revision, and Splitting Languages}},
	author  = {Rohit Parikh},
	journal = {Logic, Language and Computation},
	volume  = {2},
	number  = {96},
	pages   = {266--268},
	year    = {1999}
}

@article{Hansson99b,
	title   = {{A Survey of non-Prioritized Belief Revision}},
	author  = {Sven O. Hansson},
	journal = {Erkenntnis},
	volume  = {50},
	number  = {2-3},
	pages   = {413--427},
	year    = {1999}
}

@inproceedings{Kelly98,
	author    = {Kevin T. Kelly},
	title     = {{The Learning Power of Belief Revision}},
	booktitle = {Proceedings of the 7th Conference on Theoretical Aspects of Rationality and Knowledge ({TARK}-98)},
	pages     = {111--124},
	year      = {1998}
}

@article{DarwicheP97,
	author  = {Adnan Darwiche and	Judea Pearl},
	title   = {{On the Logic of Iterated Belief Revision}},
	journal = {Artificial Intelligence},
	volume  = {89},
	number  = {1-2},
	pages   = {1--29},
	year    = {1997}
}

@inproceedings{Ryan96,
	author    = {Mark Ryan},
	title     = {{Belief Revision and Ordered Theory Presentations}},
	booktitle = {Logic, Action, and Information},
	pages     = {129--151},
	year      = {1996}
}

@inproceedings{PeppasNPFKP96,
	author    = {Pavlos Peppas and Abhaya C. Nayak and Maurice Pagnucco and Norman Y. Foo and Rex Bing Hung Kwok and Mikhail Prokopenko},
	editor    = {Wolfgang Wahlster},
	title     = {{Revision vs. Update: Taking a Closer Look}},
	booktitle = {Proceedings of the 12th European Conference on Artificial Intelligence ({ECAI} 1996)},
	pages     = {95--99},
	publisher = {John Wiley and Sons, Chichester},
	year      = {1996}
}

@book{MasColell95,
	title     = {{Microeconomic Theory}},
	author    = {Andreu Mas-Colell and Michael D. Whinston and Jerry R. Green},
	year      = {1995},
	publisher = {Oxford University Press}
}

@article{Hansson95,
	author  = {Sven O. Hansson},
	title   = {Changes in preference},
	journal = {Theory and Decision},
	volume  = {38},
	number  = {1},
	year    = {1995},
	pages   = {1--28}
}

@article{Monroe95,
	author  = {Burt L. Monroe},
	title   = {{Fully Proportional Representation}},
	journal = {American Political Science Review},
	year    = {1995},
	volume  = {89},
	number  = {4},
	pages   = {925--940}
}

@book{Nozick94,
	title     = {The Nature of Rationality},
	author    = {Robert Nozick},
	year      = {1994},
	publisher = {Princeton University Press}
}

@inproceedings{Pagnucco94,
	title     = {{Abductive Expansion: Abductive Inference and the Process of Belief Change}},
	author    = {Maurice Pagnucco and Abhaya C. Nayak and Norman Y. Foo},
	booktitle = {Proceedings of the Seventh Australian Joint Conference on Artificial Intelligence ({AI94})},
	pages     = {267--274},
	year      = {1994}
}

@book{Foley93,
	title     = {{Working Without a Net: A Study of Egocentric Epistemology}},
	author    = {Richard Foley},
	year      = {1993},
	publisher = {Oxford University Press}
}

@article{Rott93,
	author    = {Hans Rott},
	title     = {{Belief Contraction in the Context for the General Theory of Rational Choice}},
	journal   = {The Journal of Symbolic Logic},
	volume    = {58},
	number    = {4},
	pages     = {1426--1450},
	year      = {1993},
	url       = {https://doi.org/10.2307/2275152},
	doi       = {10.2307/2275152},
	timestamp = {Sun, 28 May 2017 13:21:52 +0200},
	biburl    = {https://dblp.org/rec/journals/jsyml/Rott93.bib},
	bibsource = {dblp computer science bibliography, https://dblp.org}
}

@article{KatsunoM92,
	author  = {Hirofumi Katsuno and Alberto O. Mendelzon},
	title   = {{Propositional Knowledge Base Revision and Minimal Change}},
	journal = {Artificial Intelligence},
	volume  = {52},
	number  = {3},
	pages   = {263--294},
	year    = {1992}
}

@inproceedings{Rott92,
	author    = {Hans Rott},
	title     = {{Modellings for Belief Change: Base Contraction, Multiple Contraction,	and Epistemic Entrenchment}},
	booktitle = {Proceedings of the European Workshop on Logics in AI ({JELIA} '92)},
	pages     = {139--153},
	year      = {1992}
}

@inproceedings{KatsunoM91,
	author    = {Hirofumi Katsuno and Alberto O. Mendelzon},
	title     = {{On the Difference between Updating a Knowledge Base and Revising It}},
	booktitle = {Proceedings of the 2nd International Conference on Principles of Knowledge	Representation and Reasoning ({KR}'91)},
	pages     = {387--394},
	year      = {1991}
}

@inproceedings{Doyle91,
	title     = {{Rational Belief Revision (Preliminary Report)}},
	author    = {Jon Doyle},
	booktitle = {Proceedings of the Second International Conference on Principles of Knowledge Representation and Reasoning ({KR} 1991)},
	pages     = {163--174},
	year      = {1991}
}

@book{Levi91,
	title     = {The Fixation of Belief and Its Undoing: Changing Beliefs Through Inquiry},
	author    = {Isaac Levi},
	year      = {1991},
	publisher = {Cambridge University Press}
}

@article{Quinn90,
	author  = {Warren S. Quinn},
	pages   = {79--90},
	year    = {1990},
	journal = {Philosophical Studies},
	number  = {1},
	title   = {{The Puzzle of the Self-Torturer}},
	volume  = {59}
}

@book{Winslett05,
	title     = {{Updating Logical Databases}},
	author    = {Marianne Winslett},
	year      = {1990},
	publisher = {Cambridge University Press}
}

@article{KrausLM90,
	author  = {Sarit Kraus and
               Daniel Lehmann and
               Menachem Magidor},
	title   = {{Nonmonotonic Reasoning, Preferential Models and Cumulative Logics}},
	journal = {Artif. Intell.},
	volume  = {44},
	number  = {1-2},
	pages   = {167--207},
	year    = {1990}
}

@inproceedings{Forbus89,
	author    = {Kenneth D. Forbus},
	title     = {{Introducing Actions into Qualitative Simulation}},
	booktitle = {Proceedings of the 11th International Joint Conference on Artificial Intelligence ({IJCAI}) 1989},
	pages     = {1273--1278},
	year      = {1989}
}

@book{Gardenfors88,
	author    = {Peter G{\"a}rdenfors},
	title     = {{Knowledge in Flux: Modeling the Dynamics of Epistemic States}},
	year      = {1988},
	publisher = {The MIT Press}
}

@inproceedings{Dalal88,
	author    = {Mukesh Dalal},
	title     = {{Investigations into a Theory of Knowledge Base Revision}},
	booktitle = {Proceedings of the 7th National Conference on Artificial Intelligence, 1988},
	pages     = {475--479},
	year      = {1988}
}

@incollection{Frankfurt88,
	title     = {{Freedom of the Will and the Concept of a Person}},
	author    = {Harry G. Frankfurt},
	booktitle = {What is a person?},
	pages     = {127--144},
	year      = {1988},
	publisher = {Springer}
}

@inproceedings{GardenforsM88,
	author    = {Peter G{\"{a}}rdenfors and David Makinson},
	title     = {{Revisions of Knowledge Systems Using Epistemic Entrenchment}},
	booktitle = {Proceedings of the 2nd Conference on Theoretical Aspects of Reasoning about Knowledge ({TARK} 1988)},
	pages     = {83--95},
	year      = {1988}
}

@article{Grove88,
	author  = {Adam Grove},
	title   = {Two modellings for theory change},
	journal = {Journal of Philosophical Logic},
	volume  = {17},
	number  = {2},
	pages   = {157--170},
	year    = {1988}
}

@article{Bar-HillelM88,
	title   = {{How Vicious Are Cycles of Intransitive Choice?}},
	number  = {2},
	journal = {Theory and Decision},
	author  = {Maya Bar{-}Hillel and Avishai Margalit},
	pages   = {119--145},
	volume  = {24},
	year    = {1988}
}

@inbook{Shoham87,
	author    = {Yoav Shoham},
	title     = {{A Semantical Approach to Nonmonotonic Logics}},
	year      = {1987},
	publisher = {Morgan Kaufmann Publishers Inc.},
	address   = {San Francisco, CA, USA},
	booktitle = {Readings in Nonmonotonic Reasoning},
	pages     = {227â€“250},
	numpages  = {24}
}

@article{Levesque86,
	author  = {Hector J. Levesque},
	title   = {{Making Believers out of Computers}},
	journal = {Artificial Intelligence},
	volume  = {30},
	number  = {1},
	pages   = {81--108},
	year    = {1986}
}

@article{Abelson86,
	author  = {Robert Abelson},
	year    = {1986},
	month   = {07},
	pages   = {223 - 250},
	title   = {{Beliefs Are Like Possessions}},
	volume  = {16},
	journal = {Journal for the Theory of Social Behaviour}
}

@article{AlchourronGM85,
	author  = {Carlos E. Alchourr{\'{o}}n and	Peter G{\"{a}}rdenfors and David Makinson},
	title   = {{On the Logic of Theory Change: Partial Meet Contraction and Revision Functions}},
	journal = {The Journal of Symbolic Logic},
	volume  = {50},
	number  = {2},
	pages   = {510--530},
	year    = {1985}
}

@article{AlchourronM85,
	author  = {Carlos E. Alchourr{\'{o}}n and David Makinson},
	title   = {{On the logic of theory change: Safe contraction}},
	journal = {Studia Logica},
	volume  = {44},
	number  = {4},
	pages   = {405--422},
	year    = {1985}
}

@book{Dummett84,
	title     = {{Voting Procedures}},
	author    = {Michael Dummett},
	year      = {1984},
	publisher = {Oxford University Press}
}

@book{Suzumura83,
	title     = {{Rational Choice, Collective Decisions and Social Welfare}},
	author    = {Kotaro Suzumura},
	year      = {1983},
	publisher = {Cambridge University Press}
}

@book{BalinskiY82,
	title     = {{Fair Representation: {M}eeting the Ideal of One Man, One Vote}},
	publisher = {Yale University Press},
	year      = {1982},
	author    = {Michael Balinski and H. Peyton Young}
}

@book{Levi80,
	title     = {{The Enterprise of Knowledge: An Essay on Knowledge, Credal Probability, and Chance}},
	author    = {Isaac Levi},
	year      = {1980},
	publisher = {The MIT press}
}

@article{Sen77,
	title   = {{Rational Fools: A Critique of the Behavioral Foundations of Economic Theory}},
	author  = {Amartya K. Sen},
	journal = {Philosophy \& Public Affairs},
	pages   = {317--344},
	year    = {1977}
}

@article{Suzumura76,
	author  = {Kotaro Suzumura},
	journal = {Economica},
	number  = {172},
	pages   = {381--390},
	title   = {{Remarks on the Theory of Collective Choice}},
	volume  = {43},
	year    = {1976}
}

@article{Harper76,
	author    = {William L. Harper},
	journal   = {PSA: Proceedings of the Biennial Meeting of the Philosophy of Science Association},
	pages     = {462--494},
	publisher = {University of Chicago Press},
	title     = {{Rational Conceptual Change}},
	volume    = {1976},
	year      = {1976}
}

@article{Jeffrey74,
	title   = {Preference among preferences},
	author  = {Richard C. Jeffrey},
	journal = {Journal of Philosophy},
	volume  = {71},
	number  = {13},
	pages   = {377--391},
	year    = {1974}
}

@article{TverskyK74,
	title   = {{Judgment under Uncertainty: Heuristics and Biases}},
	author  = {Amos Tversky and Daniel Kahneman},
	journal = {Science},
	volume  = {185},
	number  = {4157},
	pages   = {1124--1131},
	month   = {September},
	year    = {1974}
}

@article{Herzberger73,
	author  = {Hans G. Herzberger},
	journal = {Econometrica},
	number  = {2},
	pages   = {187--237},
	title   = {{Ordinal Preference and Rational Choice}},
	volume  = {41},
	year    = {1973}
}

@book{Sen70,
	author    = {Amartya K. Sen},
	title     = {{Collective Choice and Social Welfare}},
	year      = {1970},
	publisher = {Holden-Day}
}

@book{Arrow70,
	author    = {Kenneth J. Arrow},
	title     = {{Social Choice and Individual Values}},
	edition   = {{Second}},
	year      = {1970},
	publisher = {Yale University Press}
}

@article{Sen69,
	author    = {Amartya K. Sen},
	journal   = {The Review of Economic Studies},
	number    = {3},
	pages     = {381--393},
	publisher = {Oxford University Press},
	title     = {{Quasi-Transitivity, Rational Choice and Collective Decisions}},
	volume    = {36},
	year      = {1969}
}

@article{Hansson68,
	author    = {Bengt Hansson},
	journal   = {Synthese},
	number    = {4},
	pages     = {443--458},
	publisher = {Springer},
	title     = {{Choice Structures and Preference Relations}},
	volume    = {18},
	year      = {1968}
}

@article{Arrow59,
	title     = {{Rational Choice Functions and Orderings}},
	author    = {Kenneth J. Arrow},
	journal   = {Economica},
	volume    = {26},
	number    = {102},
	pages     = {121--127},
	year      = {1959},
	publisher = {JSTOR}
}

@book{Black58,
	title     = {{The Theory of Committees and Elections}},
	author    = {Duncan Black},
	year      = {1958},
	publisher = {Cambridge University Press}
}

@book{LuceR57,
	title     = {{Games and Decisions: Introduction and Critical Survey}},
	author    = {R. Duncan Luce and Howard Raiffa},
	year      = {1957},
	publisher = {John Wiley \& Sons, Inc.}
}

@article{Luce56,
	author  = {R. Duncan Luce},
	title   = {{Semiorders and a Theory of Utility Discrimination}},
	journal = {Econometrica},
	number  = {2},
	pages   = {178--191},
	volume  = {24},
	year    = {1956}
}

@article{Harsanyi55,
	title   = {{Cardinal Welfare, Individualistic Ethics, and Interpersonal Comparisons of Utility}},
	author  = {John C. Harsanyi},
	journal = {Journal of Political Economy},
	volume  = {63},
	number  = {4},
	pages   = {309--321},
	year    = {1955}
}

@article{Chernoff54,
	title   = {Rational selection of decision functions},
	author  = {Herman Chernoff},
	journal = {Econometrica},
	pages   = {422--443},
	year    = {1954}
}

@incollection{RadnerM54,
	editor    = {R. M. Thrall and Clyde H. Coombs and R. L. Davis},
	author    = {Roy Radner and Jakob Marschak},
	title     = {{Note on Some Proposed Decision Criteria}},
	publisher = {Wiley},
	booktitle = {Decision Processes},
	year      = {1954},
	pages     = {61--68}
}

@book{Arrow51,
	author    = {Kenneth J. Arrow},
	title     = {{Social Choice and Individual Values}},
	edition   = {{First}},
	year      = {1951},
	publisher = {Yale University Press}
}

@article{Nash1950,
	author  = {John F. Nash},
	title   = {{The Bargaining Problem}},
	journal = {Econometrica},
	pages   = {155--162},
	year    = {1950}
}

@book{vonNeumannM44,
	author    = {{John von} Neumann and Oskar Morgenstern},
	title     = {{Theory of Games and Economic Behavior}},
	year      = {1944},
	publisher = {Princeton University Press}
}

@article{Szpilrajn30,
	author  = {Edward Szpilrajn},
	journal = {Fundamenta Mathematicae},
	number  = {1},
	pages   = {386-389},
	title   = {Sur l'extension de l'ordre partiel},
	volume  = {16},
	year    = {1930}
}

@incollection{Thiele95,
	author    = {Thorvald Nicolai Thiele},
	booktitle = {{Oversigt over det Kongelige Danske Videnskabernes Selskabs Forhandlinger}},
	pages     = {415--441},
	title     = {Om Flerfoldsvalg},
	year      = {1895}
}

@inproceedings{Pearl89,
  author    = {Judea Pearl},
  title     = {{Probabilistic Semantics for Nonmonotonic Reasoning: {A} Survey}},
  booktitle = {Proceedings of the 1st International Conference on Principles of Knowledge Representation and Reasoning ({KR}'89)},
  pages     = {505--516},
  year      = {1989}
}

@incollection{StrasserA19,
	author       =	{Christian Strasser and Aldo G. Antonelli},
	title        =	{{Non-monotonic Logic}},
	booktitle    =	{The Stanford Encyclopedia of Philosophy},
	editor       =	{Edward N. Zalta},
	howpublished =	{\url{https://plato.stanford.edu/archives/sum2019/entries/logic-nonmonotonic/}},
	year         =	{2019},
	edition      =	{Summer 2019},
	publisher    =	{Metaphysics Research Lab, Stanford University}
}

@book{BrandtCELP2016,
  editor    = {Felix Brandt and
               Vincent Conitzer and
               Ulle Endriss and
               J{\'{e}}r{\^{o}}me Lang and
               Ariel D. Procaccia},
  title     = {{Handbook of Computational Social Choice}},
  publisher = {Cambridge University Press},
  year      = {2016}
}

@book{Endriss17,
  editor    = {Ulle Endriss},
  title     = {{Trends in Computational Social Choice}},
  publisher = {AI Access},
  year      = {2017}
}

@article{Gibbard73,
	title={{Manipulation of Voting Schemes: A General Result}},
	author={Allan Gibbard},
	journal={Econometrica},
	pages={587--601},
	year={1973}
}

@article{Satterthwaite75,
	title={{Strategy-proofness and Arrow's conditions: Existence and correspondence theorems for voting procedures and social welfare functions}},
	author={Mark Allen Satterthwaite},
	journal={Journal of Economic Theory},
	volume={10},
	number={2},
	pages={187--217},
	year={1975}
}

@article{DugganS00,
  author    = {John Duggan and
               Thomas Schwartz},
  title     = {{Strategic manipulability without resoluteness or shared beliefs: Gibbard-Satterthwaite
               generalized}},
  journal   = {Social Choice and Welfare},
  volume    = {17},
  number    = {1},
  pages     = {85--93},
  year      = {2000}
}

@article{TverskyK81,
  author={Amos Tversky and Daniel Kahneman},
  title={{The Framing of Decisions and the Psychology of Choice}},
  journal={Science},
  volume={211},
  number={4481},
  pages={453--458},
  year={1981}
}

@inproceedings{BienvenuLW10,
  author    = {Meghyn Bienvenu and
               J{\'{e}}r{\^{o}}me Lang and
               Nic Wilson},
  title     = {{From Preference Logics to Preference Languages, and Back}},
  booktitle = {Proceedings of the Twelfth International Conference on Principles of Knowledge Representation and Reasoning ({KR} 2010)},
  year      = {2010},
  pages = {414--424}
}

@article{EiterG92,
  author    = {Thomas Eiter and Georg Gottlob},
  title     = {{On the Complexity of Propositional Knowledge Base Revision, Updates, and Counterfactuals}},
  journal   = {Artificial Intelligence},
  volume    = {57},
  number    = {2-3},
  pages     = {227--270},
  year      = {1992}
}

@inproceedings{PfandlerRWW15,
  author    = {Andreas Pfandler and
               Stefan R{\"{u}}mmele and
               Johannes Peter Wallner and
               Stefan Woltran},
  title     = {{On the Parameterized Complexity of Belief Revision}},
  booktitle = {Proceedings of the Twenty-Fourth International Joint Conference on
               Artificial Intelligence ({IJCAI} 2015)},
  pages     = {3149--3155},
  year      = {2015}
}

@article{ChevaleyreEM17,
  author    = {Yann Chevaleyre and
               Ulle Endriss and
               Nicolas Maudet},
  title     = {Distributed fair allocation of indivisible goods},
  journal   = {Artificial Intelligence},
  volume    = {242},
  pages     = {1--22},
  year      = {2017}
}

@article{CaridroitKM17,
  author    = {Thomas Caridroit and
               S{\'{e}}bastien Konieczny and
               Pierre Marquis},
  title     = {{C}ontraction in propositional logic},
  journal   = {International Journal of Approximate Reasoning},
  volume    = {80},
  pages     = {428--442},
  year      = {2017}
}

@article{Schulte99,
  author    = {Oliver Schulte},
  title     = {{M}inimal {B}elief {C}hange and the {P}areto {P}rinciple},
  journal   = {Synthese},
  volume    = {118},
  number    = {3},
  pages     = {329--361},
  year      = {1999}
}

@inproceedings{MeyerGC01,
  author    = {Thomas Andreas Meyer and
               Aditya Ghose and
               Samir Chopra},
  title     = {{S}ocial {C}hoice, {M}erging, and {E}lections},
  booktitle = {Proceedings of the 6th European Conference on Symbolic and Quantitative Approaches to Reasoning with Uncertainty ({ECSQARU} 2001)},
  pages     = {466--477},
  year      = {2001}
}

@article{Meyer01,
  author    = {Thomas Andreas Meyer},
  title     = {On the semantics of combination operations},
  journal   = {Journal of Applied Non-Classical Logics},
  volume    = {11},
  number    = {1-2},
  pages     = {59--84},
  year      = {2001}
}

@article{LiberatoreS98,
  author    = {Paolo Liberatore and Marco Schaerf},
  title     = {Arbitration (or {H}ow to {M}erge {K}nowledge {B}ases)},
  journal   = {{IEEE} Transactions on Knowledge and Data Engineering},
  volume    = {10},
  number    = {1},
  pages     = {76--90},
  year      = {1998}
}

@article{DBLP:journals/jair/Khardon95,
  author    = {Roni Khardon},
  title     = {Translating between {H}orn {R}epresentations and their {C}haracteristic
               {M}odels},
  journal   = {Journal of Artificial Intelligence Research (JAIR)},
  volume    = {3},
  pages     = {349--372},
  year      = {1995}
}

@article{McKinsey43,
  author    = {J. C. C. McKinsey},
  title     = {The {D}ecision {P}roblem for {S}ome {C}lasses of {S}entences {W}ithout {Q}uantifiers},
  journal   = {The Journal of Symbolic Logic},
  volume    = {8},
  number    = {2},
  pages     = {61--76},
  year      = {1943}	
}

@article{Horn51,
  author    = {Alfred Horn},
  title     = {On {S}entences {W}hich are {T}rue of {D}irect {U}nions of {A}lgebras},
  journal   = {The Journal of Symbolic Logic},
  volume    = {16},
  number    = {1},
  pages     = {14--21},
  year      = {1951}
}

@book{Mill61,
	author    = {John Stuart Mill},
	title     = {{Considerations on Representative Government}},
	year      = {1861},
	pulisher  = {London: Parker, Son, & Bourn}
}
